@book{Aho:72,
    author  = {Alfred V. Aho and Jeffrey D. Ullman},
    title   = {The Theory of Parsing, Translation and Compiling},
    year    = "1972",
    volume  = "1",
    publisher = {Prentice-Hall},
    address = {Englewood Cliffs, NJ}
}

@book{APA:83,
    author  = {{American Psychological Association}},
    title   = {Publications Manual},
    year    = "1983",
   publisher = {American Psychological Association},
   address = {Washington, DC}
}

@article{Chandra:81,
	author = {Chandra, Ashok K. and Kozen, Dexter C. and Stockmeyer, Larry J. },
	year = {1981},
	title = {Alternation},
	journal = {Journal of the Association for Computing Machinery},
	volume = {28},
	number = {1},
	pages = {114--133},
	doi = {10.1145/322234.322243},
}

@inproceedings{andrew2007scalable,
  title={Scalable training of {L1}-regularized log-linear models},
  author={Andrew, Galen and Gao, Jianfeng},
  booktitle={Proceedings of the 24th International Conference on Machine Learning},
  pages={33--40},
  year={2007},
}

@book{Gusfield:97,
    author  = {Dan Gusfield},
    title   = {Algorithms on Strings, Trees and Sequences},
    year    = "1997",
    publisher = {Cambridge University Press},
    address = {Cambridge, UK}
}

@article{rasooli-tetrault-2015,
    author    = {Mohammad Sadegh Rasooli and Joel R. Tetreault},
    title     = {Yara Parser: {A} Fast and Accurate Dependency Parser},
    journal   = {Computing Research Repository},
    volume    = {arXiv:1503.06733},
    year      = {2015},
    url       = {http://arxiv.org/abs/1503.06733},
    note    = {version 2}
}

@article{Ando2005,
	Acmid = {1194905},
	Author = {Ando, Rie Kubota and Zhang, Tong},
	Issn = {1532-4435},
	Issue_Date = {12/1/2005},
	Journal = {Journal of Machine Learning Research},
	Month = dec,
	Numpages = {37},
	Pages = {1817--1853},
	Publisher = {JMLR.org},
	Title = {A Framework for Learning Predictive Structures from Multiple Tasks and Unlabeled Data},
	Volume = {6},
	Year = {2005}}

@inproceedings{tseng-etal-2002-yi,
    title = "以構詞律與相似法為本的中文動詞自動分類研究 (A Hybrid Approach for Automatic Classification of {C}hinese Unknown Verbs) [In {C}hinese]",
    author = "Tseng, Hui-Hsin  and
      Liu, Chao-Lin  and
      Gao, Zhao-Ming  and
      Chen, Keh-Jiann",
    booktitle = "International Journal of Computational Linguistics {\&} {C}hinese Language Processing, Volume 7, Number 1, {F}ebruary 2002: Special Issue on {H}ow{N}et and Its Applications",
    month = feb,
    year = "2002",
    url = "https://www.aclweb.org/anthology/O02-1001",
    pages = "1--28",
}

@inproceedings{goodman-etal-2016-noise,
    title = "Noise reduction and targeted exploration in imitation learning for abstract meaning representation parsing",
    author = {Goodman, James and Vlachos, Andreas and Naradowsky, Jason},
    booktitle = "Proceedings of the 54th Annual Meeting of the Association for Computational Linguistics (Volume 1: Long Papers)",
    month = oct,
    year = "2016",
    address = "Berlin, Germany",
    publisher = "Association for Computational Linguistics",
    url = "https://www.aclweb.org/anthology/P16-1001",
    pages = "1--11",
    doi = "10.18653/v1/P16-1001",
}

@inproceedings{harper-2014-learning,
    title = "Learning from 26 languages: Pro- gram management and science in the babel program",
    author = {Harper, Mary},
    booktitle = "Proceedings of COLING 2014, the 25th International Conference on Computational Linguistics: Technical Papers",
    month = aug,
    year = "2014",
    address = "Dublin, Ireland",
    publisher = "Association for Computational Linguistics",
    url = "http://aclweb.org/anthology/C14-1001",
    pages = "1",
}